<?xml version="1.0" encoding="UTF-8"?><record xmlns="http://www.loc.gov/MARC21/slim" xmlns:cinclude="http://apache.org/cocoon/include/1.0" xmlns:zs="http://www.loc.gov/zing/srw/">
  <leader>00341nz  a2200121n  4500</leader>
  <controlfield tag="001">n  92068020 </controlfield>
  <controlfield tag="003">DLC</controlfield>
  <controlfield tag="005">19920701174039.3</controlfield>
  <controlfield tag="008">920701n| acannaab|          |n aaa |||  </controlfield>
  <datafield tag="010" ind1=" " ind2=" ">
    <subfield code="a">n  92068020 </subfield>
  </datafield>
  <datafield tag="040" ind1=" " ind2=" ">
    <subfield code="a">DLC</subfield>
    <subfield code="c">DLC</subfield>
  </datafield>
  <datafield tag="100" ind1="1" ind2="0">
    <subfield code="a">Nabhan, Laila</subfield>
  </datafield>
  <datafield tag="670" ind1=" " ind2=" ">
    <subfield code="a">Her Das Fest des Fastenbrechens (ʻīd al-fiṭr) in Ägypten, 1991:</subfield>
    <subfield code="b">t.p. (Laila Nabhan)</subfield>
  </datafield>
</record>